@online{python,
    author    = {P. S. Foundation},
    title     = {Welcome to Python.org},
    version   = {Version 3.12},
    year      = {2024},
    url       = {https://www.python.org/},
    urldate   = {2024-08-20},
}

@online{fastapi,
    author    = {S. Ram√≠rez},
    title     = {FastAPI: Modern, Fast (High-performance), Web Framework for Building APIs with Python},
    year      = {2024},
    url       = {https://fastapi.tiangolo.com/},
    urldate   = {2024-08-20},
}